[gd_scene load_steps=6 format=3 uid="uid://dd13dp25dqim"]

[ext_resource type="Script" path="res://addons/gs_ludumdare/scenes/ludum_home.gd" id="1"]
[ext_resource type="PackedScene" path="res://addons/gs_ludumdare/ui/menu_button.tscn" id="2"]
[ext_resource type="PackedScene" path="res://addons/gs_ludumdare/ui/label_copyright.tscn" id="3"]
[ext_resource type="PackedScene" path="res://addons/gs_ludumdare/ui/label_message.tscn" id="4"]
[ext_resource type="PackedScene" path="res://addons/gs_ludumdare/ui/label_title.tscn" id="5"]

[node name="LudumHome" type="Node2D"]
script = ExtResource("1")

[node name="Node" type="Node" parent="."]

[node name="$TITLE" parent="Node" instance=ExtResource("5")]
anchors_preset = 10
anchor_right = 1.0
offset_bottom = 23.0
grow_horizontal = 2
fit_content = true

[node name="$COPYRIGHT" parent="Node" instance=ExtResource("3")]

[node name="$MESSAGE" parent="Node" instance=ExtResource("4")]
anchors_preset = 12
anchor_top = 1.0
anchor_bottom = 1.0
offset_left = 1.0
offset_top = -137.0
offset_right = 1.0
offset_bottom = -110.0
grow_vertical = 0

[node name="VBoxContainer" type="VBoxContainer" parent="Node"]
anchors_preset = 8
anchor_left = 0.5
anchor_top = 0.5
anchor_right = 0.5
anchor_bottom = 0.5
offset_left = -73.5
offset_top = -103.0
offset_right = 73.5
offset_bottom = 103.0
grow_horizontal = 2
grow_vertical = 2
size_flags_horizontal = 4
size_flags_vertical = 4

[node name="PlayButton" parent="Node/VBoxContainer" instance=ExtResource("2")]
layout_mode = 2
text = "PLAY"
to_state = 8

[node name="OptionsButton" parent="Node/VBoxContainer" instance=ExtResource("2")]
layout_mode = 2
text = "OPTIONS"
to_state = 7

[node name="HelpButton" parent="Node/VBoxContainer" instance=ExtResource("2")]
layout_mode = 2
text = "HELP"
to_state = 5

[node name="ScoresButton" parent="Node/VBoxContainer" instance=ExtResource("2")]
layout_mode = 2
text = "SCORES"
to_state = 6

[node name="AboutButton" parent="Node/VBoxContainer" instance=ExtResource("2")]
layout_mode = 2
text = "ABOUT"
to_state = 4

[node name="QuitButton" parent="Node/VBoxContainer" instance=ExtResource("2")]
layout_mode = 2
text = "QUIT"
to_state = 14
